
\usepackage{textcomp}
@inproceedings{ahn2019analysis,
  title={Analysis and Noise Modeling of the Intel RealSense D435 for Mobile Robots},
  author={Ahn, Min Sung and Chae, Hosik and Noh, Donghun and Nam, Hyunwoo and Hong, Dennis},
  booktitle={2019 16th International Conference on Ubiquitous Robots (UR)},
  pages={707--711},
  year={2019},
  organization={IEEE}
}

@manual{Realsense_obrazek,
  journal = {Intelrealsense},
  title = {The Intel® RealSense™ Depth Camera D435},
  urldate = {2020-04-08},
  url = {https://www.intelrealsense.com/depth-camera-d435/},
}

@manual{RealSense_datasheet,
  title = {Intel® RealSense™ D400 Series Product Family},
  subtitle = {datasheet},
  year = {2019},
  urldate = {2020-04-08},
  url = {https://www.intel.com/content/dam/support/us/en/documents/emerging-technologies/intel-realsense-technology/Intel-RealSense-D400-Series-Datasheet.pdf},
}

@inproceedings{chen2018_realsense_fusion,
  title={Improving realsense by fusing color stereo vision and infrared stereo vision for the visually impaired},
  author={Chen, Hao and Wang, Kaiwei and Yang, Kailun},
  booktitle={Proceedings of the 2018 International Conference on Information Science and System},
  pages={142--146},
  year={2018}
}

#dokument zkoumající vlastnosti realsense R200
@inproceedings{keselman2017intel,
  title={Intel realsense stereoscopic depth cameras},
  author={Keselman, Leonid and Iselin Woodfill, John and Grunnet-Jepsen, Anders and Bhowmik, Achintya},
  booktitle={Proceedings of the IEEE Conference on Computer Vision and Pattern Recognition Workshops},
  pages={1--10},
  year={2017}
}
@misc{RodriguesRotationFormula,
    author   = {Weisstein Eric W., Belonie, Serge},
    title    = {Rodrigues' Rotation Formula},
    subtitle = {From MathWorld--A Wolfram Web Resource},
    note     = {Visited on 8/04/20},
    url      = {https://mathworld.wolfram.com/RodriguesRotationFormula.html}
}
@misc{james_w_angle_2014,
	title = {Angle {Between} {Vectors}},
	url = {https://www.jwwalker.com/pages/angle-between-vectors.html},
	urldate = {2020-04-09},
	author = {James W., Walker},
	month = {nov},
	year = {2014}
}

@book{Werner2020,
  author = {Tomáš Werner},
  title = {Optimalizace},
  subtitle = {Elektronickcká skripta předmětu B0B33OPT},
  publisher = {České vysoké učení technické},
  year = {2020},
  edition = {11.2.2020},
  medium = {online},
  accessed = {2020-04-09},
  URL = {https://cw.fel.cvut.cz/b191/_media/courses/b0b33opt/opt.pdf},
}
@book{hartley2004multiple,
  title={Multiple View Geometry in Computer Vision},
  author={Hartley, R. and Zisserman, A.},
  isbn={9781139449144},
  url={https://books.google.cz/books?id=e30hAwAAQBAJ},
  year={2004},
  publisher={Cambridge University Press}
}

@misc{washingtion_steropic,
  booktitle = {},
  title = {Stereo and 3D Vision},
  address = {The University of Washington},
  medium = {online},
  accessed = {2020-04-11},
  URL = {https://courses.cs.washington.edu/courses/cse455/09wi/Lects/lect16.pdf},
}
@incollection{dominguez2012stereo,
  title={Stereo matching: From the basis to neuromorphic engineering},
  author={Dom{\'\i}nguez-Morales, M and Jim{\'e}nez-Fern{\'a}ndez, A and Paz-Vicente, R and Linares-Barranco, A and Jim{\'e}nez-Moreno, G},
  booktitle={Current Advancements in Stereo Vision},
  year={2012},
  publisher={IntechOpen}
}
@article{kuhl2005comparison,
  title={Comparison of stereo matching algorithms for mobile robots},
  author={Kuhl, Annika},
  journal={The University of Western Australia Faculty of Engineering, Computing and Mathematics},
  year={2005},
  publisher={Citeseer}
}
